@article{Said:ITCSVT:1996,
  author =       {A. Said and W. A. Pearlman},
  title =        {A new, fast, and efficient image codec based on set partitioning in hierarchical trees},
  journal =      {IEEE Transactions on Circuits and Systems for Video Technology},
  year =         {1996},
  month =        {Jun},
  volume =       {6},
  number =       {3},
  pages =        {243-250},
  doi =          {10.1109/76.499834},
}

@article{Huang:IJSAC:2009,
  author =       {Y. M. Huang and M. Y. Hsieh and H. C. Chao and S. H. Hung and J. H. Park},
  title =        {Pervasive, secure access to a hierarchical sensor-based healthcare monitoring architecture in wireless heterogeneous networks},
  journal =      {IEEE Journal on Selected Areas in Communications},
  year =         {2009},
  month =        {MAY},
  volume =       {27},
  number =       {4},
  pages =        {400-411},
  doi =          {10.1109/JSAC.2009.090505},
}

@article{Zhang:ITITB:2012,
  author =       {Zhaoyang Zhang and Honggang Wang and Athanasios V. Vasilakos and Hua Fang},
  title =        {Ecg-cryptography and authentication in body area networks},
  journal =      {IEEE Transactions on Information Technology in Biomedicine},
  year =         {2012},
  month =        {NOV},
  volume =       {16},
  number =       {6},
  pages =        {1070-1078},
  doi =          {10.1109/TITB.2012.2206115},
}

@article{Lee:ITBE:2011,
  author =       {SangJoon Lee and Jungkuk Kim and Myoungho Lee},
  title =        {A real-time ecg data compression and transmission algorithm for an e-health device},
  journal =      {IEEE Transactions on Biomedical Engineering},
  year =         {2011},
  month =        {SEP},
  volume =       {58},
  number =       {9},
  pages =        {2448-2455},
  doi =          {10.1109/TBME.2011.2156794},
}

@article{Sufi:IJSAC:2009,
  author =       {Fahim Sufi and Qiang Fang and Ibrahim Khalil and Seedahmed S. Mahmoud},
  title =        {Novel methods of faster cardiovascular diagnosis in wireless telecardiology},
  journal =      {IEEE Journal on Selected Areas in Communications},
  year =         {2009},
  month =        {MAY},
  volume =       {27},
  number =       {4},
  pages =        {537-552},
  doi =          {10.1109/JSAC.2009.090515},
}

@article{Barni:ITIFS:2011,
  author =       {Mauro Barni and Picrluigi Failla and Riccardo Lazzeretti and Ahmad-Reza Sadeghi and Thomas Schneider},
  title =        {Privacy-preserving ecg classification with branching programs and neural networks},
  journal =      {IEEE Transactions on Information Forensics and Security},
  year =         {2011},
  month =        {JUN},
  volume =       {6},
  number =       {2},
  pages =        {452-468},
  doi =          {10.1109/TIFS.2011.2108650},
}

@article{Hu:ITITB:2007,
  author =       {Fei Hu and Meng Jiang and Mark Wagner and De-Cun Dong},
  title =        {Privacy-preserving telecardiology sensor networks: toward a low-cost portable wireless hardware/software codesign},
  journal =      {IEEE Transactions on Information Technology in Biomedicine},
  year =         {2007},
  month =        {NOV},
  volume =       {11},
  number =       {6},
  pages =        {619-627},
  doi =          {10.1109/TITB.2007,894818},
}

@article{Safie:ITIFS:2011,
  author =       {Sairul I. Safie and John J. Soraghan and Lykourgos Petropoulakis},
  title =        {Electrocardiogram (ECG) biometric authentication using pulse active ratio (PAR)},
  journal =      {IEEE Transactions on Information Forensics and Security},
  year =         {2011},
  month =        {DEC},
  volume =       {6},
  number =       {4},
  pages =        {1315-1322},
  doi =          {10.1109/TIFS.2011.2162408},
}

@article{Ibaida:ITBE:2013,
  author =       {Ayman Ibaida and Ibrahim Khalil},
  title =        {Wavelet-based ecg steganography for protecting patient confidential information in point-of-care systems},
  journal =      {IEEE Transactions on Biomedical Engineering},
  year =         {2013},
  month =        {DEC},
  volume =       {60},
  number =       {12},
  pages =        {3322-3330},
  doi =          {10.1109/TBME.2013.2264539},
}

@article{Wang:ISJ:2011,
  author =       {Wei Wang and Honggang Wang and Michael Hempel and Dongming Peng and Hamid Sharif and Hsiao-Hwa Chen},
  title =        {Secure stochastic ecg signals based on gaussian mixture model for e-healthcare systems},
  journal =      {IEEE Systems Journal},
  year =         {2011},
  month =        {DEC},
  volume =       {5},
  number =       {4, SI},
  pages =        {564-573},
  doi =          {10.1109/JSYST.2011.2165597},
}

@article{Ma:ITBE:2012,
  author =       {Tao Ma and Pradhumna Lal Shrestha and Michael Hempel and Dongming Peng and Hamid Sharif and Hsiao-Hwa Chen},
  title =        {Assurance of energy efficiency and data security for ecg transmission in basns},
  journal =      {IEEE Transactions on Biomedical Engineering},
  year =         {2012},
  month =        {APR},
  volume =       {59},
  number =       {4},
  pages =        {1041-1048},
  doi =          {10.1109/TBME.2011.2182196},
}

@article{Ma:IJBHI:2015,
  author =       {JiaLi Ma and TanTan Zhang and MingChui Dong},
  title =        {A novel ecg data compression method using adaptive fourier decomposition with security guarantee in e-health applications},
  journal =      {IEEE Journal of Biomedical and Health Informatics},
  year =         {2015},
  month =        {MAY},
  volume =       {19},
  number =       {3},
  pages =        {986-994},
  doi =          {10.1109/JBHI.2014.2357841},
}

@article{Arteaga-Falconi:ITIM:2016,
  author =       {Juan Sebastian Arteaga-Falconi and Hussein Al Osman and Abdulmotaleb El Saddik},
  title =        {Ecg authentication for mobile devices},
  journal =      {IEEE Transactions on Instrumentation and Measurement},
  year =         {2016},
  month =        {MAR},
  volume =       {65},
  number =       {3},
  pages =        {591-600},
  doi =          {10.1109/TIM.2015.2503863},
}

@article{Dautov:IJBHI:2016,
  author =       {Ruslan Dautov and Gill R. Tsouri},
  title =        {Securing while sampling in wireless body area networks with application to electrocardiography},
  journal =      {IEEE Journal of Biomedical and Health Informatics},
  year =         {2016},
  month =        {JAN},
  volume =       {20},
  number =       {1},
  pages =        {135-142},
  doi =          {10.1109/JBHI.2014.2366125},
}

@article{Wang:ITBE:2016,
  author =       {Jianqing Wang and Takuya Fujiwara and Taku Kato and Daisuke Anzai},
  title =        {Wearable ecg based on impulse-radio-type human body communication},
  journal =      {IEEE Transactions on Biomedical Engineering},
  year =         {2016},
  month =        {SEP},
  volume =       {63},
  number =       {9},
  pages =        {1887-1894},
  doi =          {10.1109/TBME.2015.2504998},
}

@article{Zheng:IA:2015,
  author =       {Guanglou Zheng and Gengfa Fang and Rajan Shankaran and Mehmet A. Orgun},
  title =        {Encryption for implantable medical devices using modified one-time pads},
  journal =      {IEEE Access},
  year =         {2015},
  volume =       {3},
  pages =        {825-836},
  doi =          {10.1109/ACCESS.2015.2445336},
}

@article{Zheng:IJBHI:2017,
  author =       {Guanglou Zheng and Gengfa Fang and Rajan Shankaran and Mehmet A. Orgun and Jie Zhou and Li Qiao and Kashif Saleem},
  title =        {Multiple ecg fiducial points-based random binary sequence generation for securing wireless body area networks},
  journal =      {IEEE Journal of Biomedical and Health Informatics},
  year =         {2017},
  month =        {MAY},
  volume =       {21},
  number =       {3},
  pages =        {655-663},
  doi =          {10.1109/JBHI.2016.2546300},
}

@article{Ye:IM:2016,
  author =       {Guodong Ye and Xiaoling Huang},
  title =        {An image encryption algorithm based on autoblocking and electrocardiography},
  journal =      {IEEE Multimedia},
  year =         {2016},
  month =        {APR-JUN},
  volume =       {23},
  number =       {2},
  pages =        {64-71},
}

@article{Hartley:ITITB:2012,
  author =       {Craig J. Hartley and Morteza Naghavi and Oberdan Parodi and Constantinos S. Pattichis and Carmen C. Y. Poon and Yuan-Ting Zhang},
  title =        {Cardiovascular health informatics: risk screening and intervention},
  journal =      {IEEE Transactions on Information Technology in Biomedicine},
  year =         {2012},
  month =        {SEP},
  volume =       {16},
  number =       {5, SI},
  pages =        {791-794},
  doi =          {10.1109/TITB.2012.2216057},
}

@article{Chen:IA:2017,
  author =       {Shih-Lun Chen and Min-Chun Tuan and Ho-Yin Lee and Ting-Lan Lin},
  title =        {Vlsi implementation of a cost-efficient micro control unit with an asymmetric encryption for wireless body sensor networks},
  journal =      {IEEE Access},
  year =         {2017},
  volume =       {5},
  pages =        {4077-4086},
  doi =          {10.1109/ACCESS.2017.2679123},
}

@article{Zhang:IA:2017,
  author =       {Qingxue Zhang and Dian Zhou and Xuan Zeng},
  title =        {Heartid: a multiresolution convolutional neural network for ecg-based biometric human identification in smart health applications},
  journal =      {IEEE Access},
  year =         {2017},
  volume =       {5},
  pages =        {11805-11816},
  doi =          {10.1109/ACCESS.2017.2707460},
}

